@ARTICLE{inada63,
	author = {Ken-Ichi Inada},
	title = {On a Two-Sector Model of Economic Growth: Comments and a Generalization},
	journal = {The Review of Economic Studies
},
	year = {1963},
	volume = {30},
	number = {2},
	pages = {119-127},
	optmonth = {},
	otherinfo = {}
}

@BOOK{chiang84,
	author = {Alpha C. Chiang},
	OPTeditor = {},
	title = {Fundamental Methods of Mathematical Economics},
	publisher = {McGraw-Hill},
	year = {1984},
	edition = {third},
	otherinfo = {}
}
@Book{romer12,
author = {David Romer},
title = {Advanced Macroeconomics},
publisher = {McGraw-Hill},
year = {2012},
edition = {fourth},
}



@Book{romer06,
author = {David Romer},
ALTeditor = {•},
title = {Advanced Macroeconomics},
publisher = {McGraw-Hill},
year = {2006},
OPTkey = {•},
OPTvolume = {•},
OPTnumber = {•},
OPTseries = {•},
OPTaddress = {•},
edition = {third},
OPTmonth = {•},
OPTnote = {•},
OPTannote = {•}
}


@Book{stachurski09,
author = {John Stachurski},
ALTeditor = {•},
title = {Economic Dynamics},
publisher = {MIT Press},
year = {2009},
OPTkey = {•},
OPTvolume = {•},
OPTnumber = {•},
OPTseries = {•},
OPTaddress = {•},
OPTedition = {•},
OPTmonth = {•},
OPTnote = {•},
OPTannote = {•}
}


@Book{stokeylucas_89,
author = {Nancy Stokey and R. Lucas},
ALTeditor = {•},
title = {Recursive methods in economic dynamics},
publisher = {MIT},
year = {1989},
OPTkey = {•},
OPTvolume = {•},
OPTnumber = {•},
OPTseries = {•},
OPTaddress = {•},
OPTedition = {•},
OPTmonth = {•},
OPTnote = {•},
OPTannote = {•}
}



@Book{cugno_montrucchio98,
author = {F. Cugno and L. Montrucchio},
ALTeditor = {•},
title = {Scelte intertemporali: teoria e modelli},
publisher = {Carocci},
year = {1998},
OPTkey = {•},
OPTvolume = {•},
OPTnumber = {•},
OPTseries = {•},
OPTaddress = {•},
OPTedition = {•},
OPTmonth = {•},
OPTnote = {•},
OPTannote = {•}
}

@Book{heerAndMaussner09,
author = {Burkhard Heer and Alfred Maussner},
ALTeditor = {•},
title = {Dynamic General Equilibrium Modeling},
publisher = {Springer},
year = {2009},
OPTkey = {•},
OPTvolume = {•},
OPTnumber = {•},
OPTseries = {•},
OPTaddress = {•},
edition = {second},
OPTmonth = {•},
OPTnote = {•},
OPTannote = {•}
}


@Book{malliaris_brock82,
author = {A. G. Malliaris and W. A. Brock},
ALTeditor = {•},
title = {Stochastic Methods in Economic and Finance},
publisher = {Elsevier North-Holland},
year = {1982},
OPTkey = {•},
OPTvolume = {•},
OPTnumber = {•},
OPTseries = {•},
OPTaddress = {•},
OPTedition = {•},
OPTmonth = {•},
OPTnote = {•},
OPTannote = {•}
}

@Book{intriligator02,
author = {Michael D. Intriligator},
ALTeditor = {•},
title = {Mathematical optimization and economic theory},
publisher = {SIAM},
year = {2002},
OPTkey = {•},
OPTvolume = {•},
OPTnumber = {•},
OPTseries = {•},
OPTaddress = {•},
OPTedition = {•},
OPTmonth = {•},
OPTnote = {•},
OPTannote = {•}
}

@Book{bagliano_bertola04,
author = {Cesare Bagliano and Giuseppe Bertola},
ALTeditor = {•},
title = {Models for dynamic Macroeconomics},
publisher = {Oxford University Press},
year = {2004},
OPTkey = {•},
OPTvolume = {•},
OPTnumber = {•},
OPTseries = {•},
OPTaddress = {•},
OPTedition = {•},
OPTmonth = {•},
OPTnote = {•},
OPTannote = {•}
}
